@inproceedings{Rabiser2010,
address = {Berlin, Heidelberg},
author = {Rabiser, Rick and Heider, Wolfgang and Elsner, Christoph and Lehofer, Martin and Gr\"{u}nbacher, Paul and Schwanninger, Christa},
booktitle = {Proceedings of the 14th international conference on Software product lines: going beyond},
isbn = {3-642-15578-2, 978-3-642-15578-9},
keywords = { model-based approach, product lines,document generation},
mendeley-groups = {From Till,PJGSeminarArbeit},
pages = {47--61},
publisher = {Springer-Verlag},
series = {SPLC'10},
title = {{A flexible approach for generating product-specific documents in product lines}},
url = {http://dl.acm.org/citation.cfm?id=1885639.1885645},
year = {2010}
}
@misc{Niels2013,
author = {Niels, Petersen},
mendeley-groups = {From Till,PJGSeminarArbeit},
title = {{Intelligente Augmented Reality Handb\"{u}cher Zeigen, wie's geht - Werkerunterst\"{u}tzung f\"{u}r die Fabrik der Zukunft}},
url = {http://av.dfki.de/projects\_recent/ar-handbook},
urldate = {16.07.2013},
year = {2013}
}
@inproceedings{Beckmann2004,
author = {Beckmann, Chris and Consolvo, Sunny and LaMarca, Anthony},
booktitle = {UbiComp 2004: Ubiquitous Computing SE - 7},
doi = {10.1007/978-3-540-30119-6\_7},
editor = {Davies, Nigel and Mynatt, ElizabethD. and Siio, Itiro},
isbn = {978-3-540-22955-1},
mendeley-groups = {From Till,PJGSeminarArbeit},
pages = {107--124},
publisher = {Springer Berlin Heidelberg},
series = {Lecture Notes in Computer Science},
title = {{Some Assembly Required: Supporting End-User Sensor Installation in Domestic Ubiquitous Computing Environments}},
url = {http://dx.doi.org/10.1007/978-3-540-30119-6\_7},
volume = {3205},
year = {2004}
}
@book{Pohl2005,
author = {Pohl, Klaus and B\"{o}ckle, G\"{u}nter and van der Linden, Frank J.},
isbn = {3540243720},
mendeley-groups = {SW Product Line,PJGSeminarArbeit},
month = sep,
publisher = {Springer-Verlag New York, Inc.},
title = {{Software Product Line Engineering: Foundations, Principles and Techniques}},
url = {http://dl.acm.org/citation.cfm?id=1095605},
year = {2005}
}
@misc{CastAR2013,
file = {:C$\backslash$:/Users/Andrei/AppData/Local/Mendeley Ltd./Mendeley Desktop/Downloaded/Unknown - Unknown - Augmented Reality Glasses Ex-Valve-Employees CastAR.html:html},
mendeley-groups = {PJGSeminarArbeit},
author = {Jeri Ellsworth AND Rick Johnson},
year = {2013},
title = {Augmented Reality Glasses: Ex-Valve-Employees CastAR},
url = {http://www.pcgamesn.com/valve-were-making-augmented-reality-glasses-ex-employees-carrying-project-forward-castar},
urldate = {01/08/13}
}
@techreport{Yone2011,
author = {Takuro Yonezawa AND Jin Nakazawa AND Hideyuki Tokuda},
institution = {Keio University},
mendeley-groups = {PJGSeminarArbeit},
number = {ITE Tech. Rep., vol. 35, no. 9, HI2011-9},
pages = {pp. 187--192},
title = {{Retrieving Environmental Smartness with Second-sighted Glasses}},
url = {http://www.ite.or.jp/ken/paper/00000000lABy/eng/},
year = {2011}
}
@inproceedings{Yone2009,
author = {Yonezawa, Takuro and Nakazawa, Jin and Kunito, Goro and Nagata, Tomohiro and Tokuda, Hideyuki},
booktitle = {International Journal of Multimedia and Ubiquitous Engineering, Vol. 4, No. 3},
mendeley-groups = {PJGSeminarArbeit},
pages = {pp.73--91},
title = {{SOEML: Smart Object Events Modeling Language based on Temporal Intervals}},
year = {2009}
}

@book{Stayton2007,
author = {Stayton, Bob},
file = {:C$\backslash$:/Users/Andrei/AppData/Local/Mendeley Ltd./Mendeley Desktop/Downloaded/Unknown - Unknown - DocBook XSL The Complete Guide.html:html},
mendeley-groups = {PJGSeminarArbeit},
publisher = {Sagehill Enterprises},
title = {{DocBook XSL: The Complete Guide 4. ed}},
url = {http://www.sagehill.net/docbookxsl/},
year = {2007},
urldate = {01/08/13}
}
@misc{DocBook,
file = {:C$\backslash$:/Users/Andrei/AppData/Local/Mendeley Ltd./Mendeley Desktop/Downloaded/Unknown - Unknown - DocBook.org.html:html},
mendeley-groups = {PJGSeminarArbeit},
title = {{DocBook.org}},
url = {http://www.docbook.org/},
urldate = {27/07/13}
}
@misc{DocBookSF,
file = {:C$\backslash$:/Users/Andrei/AppData/Local/Mendeley Ltd./Mendeley Desktop/Downloaded/Unknown - Unknown - The DocBook Project.html:html},
mendeley-groups = {PJGSeminarArbeit},
title = {{The DocBook Project}},
url = {http://docbook.sourceforge.net/},
urldate = {01/08/13}
}
@incollection{Edwards2001,
annote = {Mediocru, mai well suited pt aia care vor sa faca un smart home system.},
author = {Edwards, W.Keith and Grinter, RebeccaE.},
booktitle = {Ubicomp 2001: Ubiquitous Computing SE  - 22},
doi = {10.1007/3-540-45427-6\_22},
editor = {Abowd, GregoryD. and Brumitt, Barry and Shafer, Steven},
isbn = {978-3-540-42614-1},
keywords = {Home,context-awareness,domestic technologies,evaluation,ubiquitous computing},
language = {English},
mendeley-groups = {PJGSeminarArbeit,Home Automation},
pages = {256--272},
publisher = {Springer Berlin Heidelberg},
series = {Lecture Notes in Computer Science},
title = {{At Home with Ubiquitous Computing: Seven Challenges}},
url = {http://dx.doi.org/10.1007/3-540-45427-6\_22},
volume = {2201},
year = {2001}
}




